<?xml version="1.0" encoding="UTF-8"?><collection xmlns="http://www.loc.gov/MARC21/slim"><record><leader>00552nam--2200193-i-4500</leader><controlfield tag="001">000008174</controlfield><controlfield tag="002">20161230</controlfield><controlfield tag="005">20161230201027</controlfield><controlfield tag="008">060222s1000------------r-----000-0-eng-d</controlfield><datafield ind1=" " ind2=" " tag="040"><subfield code="a">IFIN-HH</subfield></datafield><datafield ind1=" " ind2=" " tag="080"><subfield code="a">538.3</subfield></datafield><datafield ind1="1" ind2=" " tag="100"><subfield code="a">Beran, Mark J</subfield></datafield><datafield ind1="1" ind2="0" tag="245"><subfield code="a">Theory of partial coherence</subfield><subfield code="c">Mark j. beran; george b. parrent</subfield></datafield><datafield ind1=" " ind2=" " tag="260"><subfield code="a">Englewood Cliffs, N.J</subfield><subfield code="b">Prentice-hall, Inc</subfield><subfield code="c">1964</subfield></datafield><datafield ind1=" " ind2=" " tag="300"><subfield code="a">193P</subfield></datafield><datafield ind1=" " ind2=" " tag="490"><subfield code="a">Prentice-hall International Series In Physic</subfield></datafield><datafield ind1="1" ind2=" " tag="700"><subfield code="a">Parrent, George B</subfield></datafield><datafield ind1=" " ind2=" " tag="852"><subfield code="a">27481</subfield><subfield code="c">537:538</subfield></datafield><datafield ind1=" " ind2=" " tag="CAT"><subfield code="a">Sys</subfield><subfield code="c">20110614</subfield><subfield code="h">144908</subfield></datafield></record></collection>